@article{qhe,
   author="K. von Klitzing and G. Dorda and M. Pepper",
   title="New method for high accuracy determination of fine structure constant based on quantized hall resistance",
   journal="Phys. Rev. Lett.",
   volume=45,
   pages=494,
   year=1980,
}
 
@article{nobel,
   author="Klaus von Klitzing",
   title="The Quantized Hall Effect",
   journal="Rev. Mod. Phys.",
   volume=58,
   pages=519,
   year=1986,
}
